@FOOTNOTE{Note1,key="Note1",note="Note that for \protect \textit  {general} we intend an algorithm where the operator has to choose and insert the coefficients of matrix $\protect \mathbf  {A}$; then the computer proceeds with filling and solving the matrix."}
@CONTROL{REVTEX41Control}
@CONTROL{apsrev41Control,author="08",editor="1",pages="0",title="",year="1"}
